<collection xmlns="http://www.loc.gov/MARC21/slim">
<record>
  <leader>01636nam0a22003371i 450 </leader>
  <controlfield tag="001">IT\ICCU\CNCE\030126</controlfield>
  <controlfield tag="005">20170530000000.0</controlfield>
  <datafield tag="012" ind1=" " ind2=" ">
    <subfield code="a">e;em **** x-us nepr (3) 1585 (R)</subfield>
    <subfield code="2">fei</subfield>
  </datafield>
  <datafield tag="100" ind1=" " ind2=" ">
    <subfield code="a">19971125d1585        0itac0103    ba</subfield>
  </datafield>
  <datafield tag="101" ind1=" " ind2=" ">
    <subfield code="a">LAT</subfield>
  </datafield>
  <datafield tag="102" ind1=" " ind2=" ">
    <subfield code="a">IT</subfield>
  </datafield>
  <datafield tag="200" ind1="1" ind2=" ">
    <subfield code="a">℗Paulli Sacrati canonici Ferrariensis, ℗In septem psalmos poenitentiales commentarius</subfield>
  </datafield>
  <datafield tag="210" ind1=" " ind2=" ">
    <subfield code="a">Ferrariae</subfield>
    <subfield code="c">apud Victorium Baldinum</subfield>
    <subfield code="d">1585</subfield>
    <subfield code="e">Ferrariae</subfield>
    <subfield code="g">apud Victorium Baldinum</subfield>
    <subfield code="h">1585</subfield>
  </datafield>
  <datafield tag="215" ind1=" " ind2=" ">
    <subfield code="a">\12!, 132 p.</subfield>
    <subfield code="c">ill.</subfield>
    <subfield code="d">12ʻ</subfield>
  </datafield>
  <datafield tag="620" ind1=" " ind2=" ">
    <subfield code="a">IT</subfield>
    <subfield code="d">Ferrara</subfield>
  </datafield>
  <datafield tag="700" ind1=" " ind2="1">
    <subfield code="a">Sacrati,</subfield>
    <subfield code="b">Paolo</subfield>
    <subfield code="3">IT\ICCU\CNCA\008954</subfield>
  </datafield>
  <datafield tag="712" ind1="0" ind2="0">
    <subfield code="a">Baldini, Vittorio</subfield>
    <subfield code="3">IT\ICCU\CNCT\000024</subfield>
    <subfield code="4">650</subfield>
  </datafield>
  <datafield tag="790" ind1=" " ind2="1">
    <subfield code="a">Sacrato,</subfield>
    <subfield code="b">Paolo</subfield>
    <subfield code="3">IT\ICCU\CNCA\023930</subfield>
    <subfield code="z">Sacrati, Paolo</subfield>
  </datafield>
  <datafield tag="790" ind1=" " ind2="1">
    <subfield code="a">Sacratus,</subfield>
    <subfield code="b">Paulus</subfield>
    <subfield code="3">IT\ICCU\CNCA\023931</subfield>
    <subfield code="z">Sacrati, Paolo</subfield>
  </datafield>
  <datafield tag="791" ind1="0" ind2="2">
    <subfield code="a">Stamperia Camerale</subfield>
    <subfield code="c"> &lt;Ferrara&gt;</subfield>
    <subfield code="3">IT\ICCU\CNCT\002460</subfield>
    <subfield code="z">Baldini, Vittorio</subfield>
  </datafield>
  <datafield tag="791" ind1="0" ind2="0">
    <subfield code="a">Baldinus, Victorius</subfield>
    <subfield code="3">IT\ICCU\CNCT\004286</subfield>
    <subfield code="z">Baldini, Vittorio</subfield>
  </datafield>
  <datafield tag="801" ind1=" " ind2="3">
    <subfield code="a">IT</subfield>
    <subfield code="b">ICCU</subfield>
    <subfield code="c">20201114</subfield>
  </datafield>
  <datafield tag="899" ind1=" " ind2=" ">
    <subfield code="a">Biblioteca comunale Planettiana. Jesi</subfield>
    <subfield code="1">AN0092</subfield>
    <subfield code="2">URB BC</subfield>
  </datafield>
  <datafield tag="899" ind1=" " ind2=" ">
    <subfield code="a">Biblioteca universitaria. Bologna</subfield>
    <subfield code="1">BO0098</subfield>
    <subfield code="2">UBO BU</subfield>
  </datafield>
  <datafield tag="899" ind1=" " ind2=" ">
    <subfield code="a">Biblioteca comunale Ariostea. Ferrara</subfield>
    <subfield code="1">FE0017</subfield>
    <subfield code="2">UFE AR</subfield>
  </datafield>
  <datafield tag="899" ind1=" " ind2=" ">
    <subfield code="a">Biblioteca nazionale Braidense. Milano</subfield>
    <subfield code="1">MI0185</subfield>
    <subfield code="2">MIL NB</subfield>
  </datafield>
  <datafield tag="899" ind1=" " ind2=" ">
    <subfield code="a">Biblioteca universitaria Alessandrina. Roma</subfield>
    <subfield code="1">RM0280</subfield>
    <subfield code="2">RML 01</subfield>
  </datafield>
  <datafield tag="899" ind1=" " ind2=" ">
    <subfield code="a">Biblioteca Vallicelliana. Roma</subfield>
    <subfield code="1">RM0281</subfield>
    <subfield code="2">RML 08</subfield>
  </datafield>
  <datafield tag="899" ind1=" " ind2=" ">
    <subfield code="a">Biblioteca Angelica. Roma</subfield>
    <subfield code="1">RM0290</subfield>
    <subfield code="2">RML 06</subfield>
  </datafield>
  <datafield tag="911" ind1=" " ind2=" ">
    <subfield code="a">Sul front.</subfield>
    <subfield code="9">IT\ICCU\CNCM\000079</subfield>
  </datafield>
  <datafield tag="921" ind1=" " ind2=" ">
    <subfield code="a">IT\ICCU\CNCM\000079</subfield>
    <subfield code="b">Dedalo vola su un paesaggio campestre</subfield>
    <subfield code="e">Nil difficile volenti</subfield>
    <subfield code="c">Z437</subfield>
    <subfield code="d">Con o senza motto</subfield>
    <subfield code="f">DEDALO</subfield>
    <subfield code="f">PAESAGGIO</subfield>
    <subfield code="f">VOLO</subfield>
    <subfield code="g">1583-1600</subfield>
  </datafield>
</record>
</collection>
